<record><leader>00000cas a2200000 a 4500</leader><controlfield tag="001">14372803</controlfield><controlfield tag="008">861010d190u1909kyudn ne      0    0eng d</controlfield><datafield ind1=" " ind2=" " tag="010"><subfield code="a">sn 86069608 </subfield></datafield><datafield ind1=" " ind2=" " tag="040"><subfield code="a">KNP</subfield><subfield code="b">eng</subfield><subfield code="c">KNP</subfield><subfield code="d">OCL</subfield><subfield code="d">OCLCQ</subfield><subfield code="d">KYUBL</subfield><subfield code="d">OCLCQ</subfield><subfield code="d">OCLCF</subfield><subfield code="d">OCLCO</subfield></datafield><datafield ind1=" " ind2=" " tag="042"><subfield code="a">msc</subfield></datafield><datafield ind1=" " ind2=" " tag="043"><subfield code="a">n-us-ky</subfield></datafield><datafield ind1="0" ind2=" " tag="130"><subfield code="a">Daily journal (Madisonville, Ky.)</subfield></datafield><datafield ind1="1" ind2="4" tag="245"><subfield code="a">The daily journal.</subfield></datafield><datafield ind1=" " ind2=" " tag="260"><subfield code="a">Madisonville, Ky. :</subfield><subfield code="b">Madisonville Journal,</subfield><subfield code="c">-1909.</subfield></datafield><datafield ind1=" " ind2=" " tag="300"><subfield code="a">v. :</subfield><subfield code="b">ill.</subfield></datafield><datafield ind1=" " ind2=" " tag="310"><subfield code="a">Daily (except Sun.)</subfield></datafield><datafield ind1="0" ind2=" " tag="362"><subfield code="a">-v. 1, no. 120 (May 17, 1909).</subfield></datafield><datafield ind1=" " ind2=" " tag="580"><subfield code="a">Issued also in a semiweekly edition called: Madisonville journal.</subfield></datafield><datafield ind1=" " ind2=" " tag="588"><subfield code="a">Description based on: Vol. 1, no. 18 (Jan. 8, 1909).</subfield></datafield><datafield ind1=" " ind2="0" tag="651"><subfield code="a">Hopkins County (Ky.)</subfield><subfield code="v">Newspapers.</subfield></datafield><datafield ind1=" " ind2="0" tag="651"><subfield code="a">Madisonville (Ky.)</subfield><subfield code="v">Newspapers.</subfield></datafield><datafield ind1=" " ind2="7" tag="655"><subfield code="a">Newspapers.</subfield><subfield code="2">fast</subfield><subfield code="0">(OCoLC)fst01423814</subfield></datafield><datafield ind1=" " ind2="7" tag="651"><subfield code="a">Kentucky</subfield><subfield code="z">Hopkins County.</subfield><subfield code="2">fast</subfield><subfield code="0">(OCoLC)fst01208580</subfield></datafield><datafield ind1=" " ind2="7" tag="651"><subfield code="a">Kentucky</subfield><subfield code="z">Madisonville.</subfield><subfield code="2">fast</subfield><subfield code="0">(OCoLC)fst01217532</subfield></datafield><datafield ind1=" " ind2=" " tag="752"><subfield code="a">United States</subfield><subfield code="b">Kentucky</subfield><subfield code="c">Hopkins</subfield><subfield code="d">Madisonville.</subfield></datafield><datafield ind1="1" ind2=" " tag="775"><subfield code="t">Madisonville journal</subfield><subfield code="w">(DLC)sn 86069609</subfield></datafield></record>